3967 5167
344 568 1402 693 nnonnrn.unn1m.m5

200 774 485 865 Nieuwerkerk‚
510 775 579 849 suit
600 771 828 847 thesaurarius
846 768 884 841 B.
906 768 1052 852 Mariae,
1078 771 1115 841 &
1128 768 1242 843 media
1255 790 1396 863 pennu·
1463 806 1468 817 ι

197 877 328 947 treione
345 874 508 947 Decanus
526 871 636 944 salius
660 869 708 943 est
728 890 784 958 24.
802 866 837 937 δι
852 884 907 954 25.
931 866 1022 957 Junii
1043 888 1134 937 anno
1160 876 1250 956 1562
1279 867 1332 937 uti
1351 886 1394 938 ex

196 970 277 1043 MS.
296 968 439 1045 Brockii
455 974 493 1044 δι
508 992 552 1043 ex
573 962 687 1040 Catal.
706 966 840 1037 Decan.
858 966 896 1037 &
915 960 1054 1033 Canon.
1076 958 1189 1035 adfert
1208 960 1397 1041 Drakenb.'

97 1101 103 1109 ·
195 1064 361 1139 Interfuit
379 1066 543 1139 Concilio
560 1063 767 1158 provinciali
789 1058 848 1131 sub
868 1062 1031 1133 Sthenelio
1047 1056 1392 1151 Archiepiscopo,&

193 1159 392 1255 subscripsit
414 1186 504 1235 anno
537 1167 638 1249 1565.
668 1154 874 1231 lleulsenius
897 1158 932 1229 in
955 1153 1048 1227 Hist.
1069 1154 1188 1249 Epil'c.
1207 1153 1334 1249 Ultraj.
1352 1176 1390 1248 p.

197 1280 282 1349 330.
305 1260 373 1329 col.
403 1279 436 1329 a.
471 1260 566 1330 dedit
588 1258 754 1329 Chartam
783 1255 864 1323 unni
897 1256 1000 1338 1568.
1025 1253 1061 1323 in
1088 1276 1159 1345 qua
1183 1252 1324 1344 Joamns
1350 1254 1392 1322 ab

195 1353 398 1447 Hngbelunde
426 1354 469 1425 U.
490 1356 531 1448 J.
552 1352 666 1427 utun
685 1350 853 1433 ‚detinui
877 1344 920 1430 &⁹
939 1344 1069 1438 rcclrficr
1101 1351 1141 1421 B.
1166 1349 1287 1420 Maria
1312 1346 1390 1419 The·

186 1447 385 1540 soutarius,
422 1452 590 1544 Regiaequr
620 1444 810 1541 Mujrflaris
834 1454 867 1516 in
887 1449 975 1518 curin
1000 1446 1182 1534 prouinciali
1202 1438 1391 1539 Trajedenss

193 1541 383 1635 confiderint
399 1550 598 1639 principalis,
625 1548 765 1615 nomine
784 1542 972 1615 decanatus
991 1540 1042 1612 sui
1060 1539 1198 1614 confert
1216 1540 1392 1613 ecclesiam

195 1638 431 1732 parochialem
454 1646 498 1715 de
520 1636 770 1735 Alhlufferdam,
797 1638 1024 1719 Dotdracum,
1037 1640 1126 1711 inter
1139 1636 1178 1707 ὅ(
1194 1636 1392 1709 Roteroda-

193 1755 287 1807 tuum
296 1782 308 1819 ,
335 1737 371 1809 δι
384 1736 568 1833 ‘provisum
586 1736 731 1810 remittit
747 1736 791 1807 ad
809 1732 1035 1829 Praeponam
1045 1733 1190 1827 Maioris
1211 1756 1279 1826 pro
1297 1731 1393 1805 insti·

193 1832 329 1905 tutione
354 1838 521 1907 canonica
545 1836 581 1907 δι
601 1855 685 1907 curt
713 1832 914 1903 animarum.
965 1831 1008 1901 ln
1034 1835 1171 1904 honore
1196 1828 1263 1903 fuir
1288 1831 1325 1903 δι
1352 1832 1389 1903 in

189 1940 310 2001 amore
340 1930 504 2003 Schrnckiu
532 1926 837 2019 Archiepiscopo:
871 1932 969 2020 cujus
996 1929 1047 1999 rei
1068 1930 1322 2001 documentum
1340 1924 1390 1998 est

189 2018 334 2119 insignis
352 2024 496 2115 epistola
512 2020 689 2115 apraesule
705 2022 747 2093 ad
760 2022 918 2113 Joanrrrm
935 2021 1117 2093 Decanom
1133 2025 1215 2095 data
1229 2045 1264 2112 4.
1283 2022 1390 2117 Apri·

188 2120 235 2192 lit
256 2123 358 2211 1566.
376 2122 581 2213 quaminter
598 2117 783 2189 Clarorum
795 2116 959 2189 Virorum
978 2117 1320 2211 Epistolasvulgauit
1334 2120 1388 2189 si·
1525 2182 1537 2206 ,

192 2235 281 2287 mon
297 2212 416 2287 Ahhes
435 2208 621 2287 Gabhema
644 2234 726 2307 pag.
754 2218 834 2285 262.
860 2211 965 2285 Obiit
984 2210 1171 2309 Ultrajeoli
1186 2216 1243 2286 die
1261 2236 1297 2303 9.
1316 2212 1388 2287 De·

189 2310 347 2385 cembrio
372 2324 475 2403 1578.
493 2313 586 2405 apud
603 2308 730 2381 Matth.
746 2312 793 2383 de
815 2306 939 2380 Nobis.
959 2330 995 2403 p.
1016 2314 1099 2400 ⁶47³
1124 2311 1163 2382 dt
1181 2308 1362 2383 Drakenb.

149 2490 154 2501 Ι
241 2404 407 2479 Decanus
429 2406 640 2503 Hegelandius
660 2407 770 2479 bonas
788 2408 922 2479 litteras
951 2410 1098 2487 amavit,
1123 2408 1235 2479 coluit
1253 2408 1290 2481 δι
1305 2429 1387 2499 pro·

189 2504 316 2575 movit.
367 2502 450 2576 Fuit
472 2499 642 2577 fautor&
665 2501 839 2575 Mecaenas
869 2504 1033 2573 lamberti
1060 2498 1219 2592 Hortenssi
1244 2500 1393 2596 (dubiaew

187 2597 276 2672 fidei
293 2599 462 2688 hominis,
488 2604 578 2675 inter
589 2598 787 2693 Papismum
807 2599 845 2673 δι
862 2596 1169 2671 Lntheranismum
1188 2594 1389 2675 flunuantie

188 2714 229 2768 ut
247 2694 294 2767 est
314 2696 351 2767 in
367 2700 440 2790 ejus
459 2701 555 2783 vita)
576 2718 679 2790 quem
697 2714 869 2767 extorrem
889 2696 926 2768 δι
947 2696 1108 2767 omnihus
1123 2695 1223 2767 bonis
1242 2716 1385 2769 exutum

186 2813 210 2865 x
228 2792 393 2863 militibus
414 2792 601 2889 Hispanis,
628 2793 664 2862 in
682 2792 803 2864 Nardae
818 2790 1035 2885 direptione,
1060 2788 1234 2883 hospitio,
1258 2794 1385 2880 domo,

175 2888 228 2989 .&
251 2882 365 2957 mensa
380 2894 529 2985 excepit.
580 2886 675 2959 Huic
693 2886 900 2961 Hortenlius
917 2888 1161 2980 Explanathnes
1180 2886 1255 2959 suae
1273 2891 1306 2959 in
1318 2889 1386 2961 An·

187 2984 251 3055 nai
271 2981 395 3053 Lucani
418 2982 649 3075 Pharsalicam,
675 2987 814 3079 accepti
838 2984 999 3058 beneficii
1021 2982 1198 3055 memoriae
1222 3008 1288 3057 nec
1313 3008 1386 3057 non

186 3078 409 3175 gratitudinis
433 3103 539 3175 ergo,
564 3078 785 3175 postmodum
810 3083 1004 3168 dedicavit,
1029 3102 1109 3175 quae
1136 3079 1275 3153 Basileae
1292 3103 1384 3155 anno

191 3180 301 3266 ³578.
325 3174 458 3247 excusae
484 3176 564 3249 sunt
592 3179 628 3247 in
654 3176 717 3247 sol.
755 3173 982 3341 Succefflonum
1012 3177 1151 3248 civilium
1176 3178 1385 3271 Ultrajeilen·

179 3265 267 3359 firm
292 3272 384 3343 libros
414 3272 496 3345 Vll.
528 3270 745 3365 persuasione
770 3273 846 3364 POti
872 3294 976 3341 rmum
1005 3270 1144 3343 Decani
1170 3273 1279 3345 nostri
1303 3296 1387 3345 con·

186 3364 438 3536 ffirggfit.&Vita
454 3370 569 3440 Lami.
590 3368 742 3439 Hortens.
761 3366 806 3438 ad
826 3366 955 3441 calcem
975 3364 1127 3437 historiae
1145 3364 1241 3440 Ultr.
1257 3366 1385 3455 Bekre,

275 3486 306 3534 ae
368 3486 401 3537 c.

1452 1162 1538 1226 1565.

1455 1250 1539 1317 1568.
1577 1292 1581 1299 .

237 3557 348 3629 XXX.
391 3560 669 3634 anntxrus
702 3580 794 3631 vau
829 3580 919 3631 nux
954 3557 1196 3631 Butuntos
1231 3558 1384 3636 Mechli-
1503 3589 1512 3604 ·

184 3652 330 3743 niensis,
356 3652 446 3729 filius
465 3658 620 3745 Adriani,
648 3653 808 3751 Equitio,
834 3652 945 3732 &Re
971 3657 997 3727 ii
1015 3652 1078 3748 per
1101 3654 1301 3728 Flandriam
1319 3656 1383 3731 Se·

185 3772 289 3825 natus
306 3750 480 3848 praelidie,
499 3754 537 3828 δι
557 3754 710 3825 Barbara
723 3774 787 3824 nan
807 3754 928 3827 Scitote.
997 3770 1074 3825 atus
1087 3752 1136 3824 est
1160 3776 1215 3825 ιο.
1235 3751 1384 3848 Augusti
1463 3789 1469 3800 ·

185 3868 278 3923 anno
302 3870 405 3939 1542.
431 3850 595 3923 Donutur
617 3852 825 3924 canonicatu
851 3851 887 3923 in
913 3847 1055 3923 eoelefia
1076 3846 1117 3921 B.
1139 3850 1263 3921 Mariae
1291 3872 1385 3925 anuo

189 3965 294 4035 ¹555·
316 3947 353 4019 &
377 3947 433 4023 die
451 3970 486 4037 9.
509 3946 714 4021 Decembris
746 3954 849 4039 1578·
873 3948 1002 4023 electus
1022 3947 1071 4019 est
1092 3944 1276 4033 Decanur,
1302 3969 1383 4023 cum

155 4092 158 4099 ·
183 4040 311 4115 eodem
329 4042 405 4126 die,
440 4046 599 4116 nimirum
624 4069 645 4117 a
670 4044 785 4118 media
808 4044 910 4117 nuile
934 4046 1193 4138 computando,
1226 4064 1383 4120 mormua

184 4134 270 4209 esset
290 4140 433 4231 Journet
450 4140 684 4235 Hagesandr'ur:
711 4144 745 4215 δι
766 4162 844 4214 cum
861 4138 1080 4213 interdictum
1095 4138 1242 4212 Senatus
1262 4136 1382 4215 Ultra·

180 4228 303 4326 jehiini
323 4232 451 4309 deuon
470 4236 652 4331 eligendo,
677 4234 859 4311 afferretur
875 4238 1045 4313 electione
1061 4236 1129 4327 jam
1144 4232 1243 4309 fasta.
1269 4236 1383 4310 Nu'm·

178 4352 292 4427 quam
318 4332 477 4411 invenire
505 4336 627 4432 potui,
651 4354 723 4431 quo
747 4352 905 4433 tempore
932 4333 1013 4413 Rex
1035 4333 1196 4432 Philippus
1216 4328 1389 4524 tisengngt-
