3967 5167
286 512 1405 856 (ῑΑτΑιοαυέΙ3

205 918 1393 1163 ABBATUQ
1592 958 1595 965 ·

204 1140 700 1173 W

453 1270 1118 1367 MONITUM.

182 1460 187 1471 '
214 1485 221 1542 ῖ
236 1495 238 1502 <
267 1523 295 1562 -7
344 1493 346 1498 ’
398 1503 405 1570 ᾗ
556 1475 668 1567 fronte
677 1470 859 1567 existimavi
874 1467 975 1552 bane,
991 1491 1083 1559 quent
1091 1468 1162 1554 eda,
1179 1466 1389 1567 Cataiogusn,

129 1640 133 1647 .
209 1585 235 1662 ξ
269 1538 358 1723 ’ἐξ
466 1564 509 1649 &³
530 1574 686 1663 integrans
718 1568 799 1660 affl,
825 1566 867 1646 fd
891 1563 1061 1655 vetustum.
1109 1570 1190 1638 Non
1217 1570 1276 1659 effe
1297 1588 1391 1643 vetu-

221 1707 239 1746 „
264 1667 347 1764 ἐξ
455 1662 549 1759 stunt
569 1669 789 1758 suadentia,
823 1684 893 1753 quae
917 1659 1112 1753 probationis
1137 1665 1202 1735 daco
1226 1667 1391 1738 adducun-

215 1801 231 1832 ι
272 1723 433 1840 Ἃ..
466 1778 522 1833 tur
534 1810 546 1846 ,
571 1756 721 1856 quesere
736 1764 842 1831 omnia
855 1762 938 1852 legas
949 1757 1038 1849 apud
1057 1757 1136 1828 Ant.
1162 1760 1387 1851 Matthaeunt,

221 1877 228 1910 ²
277 1835 427 1932 Ἥ)
456 1852 521 1949 sed
547 1862 654 1929 variis
692 1860 765 1927 loeis
794 1856 836 1936 ὅ
863 1856 987 1947 linguis.
1038 1852 1093 1925 Aa
1119 1858 1189 1946 quis
1214 1861 1316 1929 aliurn
1342 1860 1386 1939 &

466 1975 556 2045 quem
575 1946 788 2041 exscripserit,
813 1950 902 2019 haud
917 1949 1020 2039 facile
1041 1952 1172 2020 dixeris.
1203 1951 1388 2027 Mattheus

199 2054 350 2146 vulgavit
359 2048 425 2141 sua
443 2050 575 2117 abanno
594 2050 695 2121 1688.
714 2047 899 2115 dumtaxat.
926 2042 1031 2112 Dedit
1057 2044 1099 2122 {i
1116 2042 1179 2135 ipse
1196 2051 1388 2141 Cataioguns

197 2152 381 2242 quemdam,
397 2140 459 2232 sed
472 2146 575 2213 minas
589 2144 766 2233 integrum,
789 2158 894 2230 nempe
907 2141 942 2209 in
957 2138 1061 2208 Fund.
1075 2138 1116 2217 {i
1128 2142 1220 2210 Fatis
1235 2144 1391 2236 Ecctesta·

199 2264 270 2315 runt
286 2244 361 2313 edit.
376 2244 453 2319 anni
473 2258 576 2328 1703.
593 2238 647 2309 ubi
654 2258 727 2330 pag.
742 2252 820 2324 203.
830 2234 998 2326 profitetur
1007 2284 1017 2317 ,
1019 2230 1057 2325 se
1066 2258 1137 2305 rura
1148 2234 1332 2311 confeciffe
1344 2263 1390 2313 et:

201 2332 340 2411 Chattis
359 2336 396 2410 &
415 2332 534 2429 priscis
550 2334 623 2405 aliis
645 2330 892 2405 monumentis.
919 2382 927 2399 .
956 2380 1002 2429 3..
1027 2331 1156 2422 inquo
1181 2350 1388 2409 tamennon
1460 2336 1464 2343 ’

198 2454 341 2518 omnes,
366 2450 542 2525 quotquot
560 2428 640 2502 olim
657 2425 893 2521 praefuerunt,
916 2423 975 2497 sed
992 2423 1028 2496 hi
1046 2444 1200 2513 tansum,
1224 2452 1314 2523 quos
1335 2456 1389 2506 te·

195 2530 313 2625 perit,
339 2532 376 2601 ἃ
398 2548 546 2623 quorum
571 2528 665 2618 apud
690 2544 771 2594 eum
798 2522 951 2595 Charsae.
1001 2520 1132 2610 Profert
1150 2542 1258 2595 autem
1277 2530 1386 2600 Abba·

158 2640 159 2643 ’
195 2646 241 2699 tes
259 2630 406 2721 triginta.
459 2624 506 2693 Et
527 2623 606 2695 hunc
630 2622 819 2714 catalogum
844 2615 1002 2711 exseripstt
1027 2618 1215 2711 Heuffenius
1241 2626 1275 2694 in
1293 2623 1411 2717 Hieta

195 2726 301 2816 Epist.
338 2720 464 2815 Uitraj.
493 2740 565 2813 pag.
597 2720 655 2806 96.
684 2741 744 2787 una
778 2716 958 2806 ampliorem
988 2713 1125 2785 Abbate.
1162 2718 1259 2791 Hune
1282 2725 1383 2815 igitur

196 2816 336 2909 aelirum
351 2843 390 2888 err
405 2820 460 2907 ms.
469 2816 558 2906 satos
580 2816 696 2885 detrito
713 2806 755 2891 δ’
778 2812 876 2895 olida,
905 2812 1046 2882 Abbates
1059 2811 1181 2904 septeno
1194 2838 1232 2885 aa
1248 2821 1384 2911 triginta

193 2918 458 3005 completionem,
483 2934 553 2981 cutes
571 2908 723 2981 nonnosiiis
739 2905 1005 2997 observationibus
1021 2910 1097 2977 meis
1118 2908 1255 2982 exhibeo.

246 3010 351 3081 Perta
371 3010 409 3079 de
423 3007 519 3101 bajus
536 3006 683 3077 Athana
699 3008 815 3097 orsgs'ne
824 3007 883 3093 seu
904 3002 1118 3095 fundatione,
1142 3003 1265 3099 ejusque
1281 3010 1383 3102 fate,

196 3130 258 3179 non
275 3102 317 3195 est
336 3102 387 3173 hia
408 3105 530 3175 dicendi
554 3102 647 3174 loeas.
701 3102 743 3173 Id
759 3100 909 3195 praestitit
928 3104 1078 3173 accurati
1098 3104 1181 3172 Ant.
1201 3102 1384 3179 Mattheus

191 3202 297 3277 Fund.
323 3194 364 3279 ἔθ’
384 3200 468 3272 Fata
494 3196 594 3268 hund.
620 3196 684 3268 XI.
703 3219 812 3289 apag.
841 3214 919 3285 192.
972 3199 1080 3293 Quem
1103 3197 1187 3269 Vide
1212 3223 1329 3298 quoque
1348 3208 1385 3274 in

195 3296 308 3370 'I'tain
332 3298 370 3367 de
388 3297 527 3369 Nobilis.
553 3294 606 3365 tie.
632 3294 664 3365 2'.
680 3294 759 3382 Cap.
780 3310 833 3381 37.
853 3293 932 3363 Rar.
952 3292 1149 3381 Amersfott.
1170 3312 1385 3388 pag.7.157.

194 3392 437 3484 189,192.&
464 3410 534 3460 200
572 3391 718 3458 Anaied.
750 3404 833 3455 tomo
866 3407 896 3455 2.
922 3406 1013 3454 nossa
1035 3387 1112 3455 edit.
1132 3405 1206 3479 pag.
1232 3398 1315 3482 644.
1340 3394 1384 3472 (θ

193 3510 282 3580 704.
333 3488 489 3562 Miraeum
518 3502 593 3555 tom.
624 3504 653 3552 1.
684 3482 827 3572 Diplom.
847 3500 924 3571 pag.
951 3498 1009 3569 53.
1034 3483 1069 3550 in
1091 3484 1184 3551 initio
1208 3488 1263 3555 aad.
1296 3508 1322 3557 1.
1339 3489 1382 3568 isi

189 3607 271 3656 tom.
299 3602 330 3654 2.
364 3605 432 3677 pag.
462 3586 543 3669 809.
581 3578 692 3669 Heuffi
725 3580 759 3646 in
793 3574 914 3666 Hister.
949 3570 1055 3666 Epist.
1079 3577 1211 3670 ‘Umi-
1235 3581 1383 3681 aiiosqste.

189 3684 319 3777 Agitur
343 3680 394 3751 hie
411 3678 533 3769 defodis
556 3675 736 3749 Abbatibas
752 3670 842 3763 eujus
856 3670 1064 3762 Monasterii,
1089 3678 1144 3767 qui
1160 3676 1245 3749 duae·
1259 3680 1384 3773 quidem

189 3782 298 3858 edati,
324 3776 509 3870 usqueadeo
531 3776 566 3841 in
584 3774 632 3843 rai
650 3765 857 3861 eecleflasiicae
877 3768 1097 3858 Ultrajaiiinae
1127 3776 1321 3867 antiquitate
1336 3799 1386 3845 co·

188 3874 361 3968 gnoscenda
380 3873 475 3943 utiles
503 3874 588 3941 nobis
610 3866 768 3960 fuerunt,
784 3864 845 3958 ssd
852 3864 939 3958 soris
955 3865 998 3935 ab
1021 3867 1195 3939 eruditione
1213 3886 1273 3941 aut
1290 3872 1384 3942 rebus

180 3971 281 4066 gestit
299 3970 448 4050 celebres,
472 3991 532 4039 non
546 3963 743 4060 exstiterunt.
860 4013 867 4029 ,

364 4106 1224 4213 CATALOGUS.

179 4258 214 4333 Ι.
357 4258 631 4332 nossemus
667 4253 722 4327 seu
744 4254 1084 4336 Wensnnnnsss,
1110 4252 1242 4350 primus
1265 4251 1386 4335 Abbat
1420 4300 1536 4359 vm„

380 4376 537 4448 tempore
558 4350 746 4423 Adelbodi.
772 4350 902 4439 [Addit
923 4351 1128 4424 Mattheus:
1152 4394 1176 4427 a
1202 4354 1314 4449 Cujus
1336 4357 1386 4430 su·
1420 4374 1521 4454 saetosa

173 4494 203 4533 a,
233 4458 349 4551 proin
373 4451 506 4525 Charta
521 4450 677 4523 meminit
692 4445 887 4543 Imperator
913 4444 1111 4523 Comedus.
1124 4454 1150 4493 “
1161 4452 1317 4527 Eandem
1334 4479 1386 4527 aa
1414 4457 1484 4534 suae
1504 4468 1565 4514 ver·

209 4552 319 4629 ,Tosn
352 4551 425 4626 tlt.
451 4548 534 4620 Pats
556 4568 587 4619 1.
797 4540 859 4613 Rs
1006 4593 1010 4602 »
1320 4564 1390 4622 tam
