3967 5167
339 506 816 607 Annorum
873 473 1424 626 operuere-17·

221 730 248 786 ,‚·
271 707 362 781 obire
383 707 434 781 hic
448 686 530 781 arno
552 710 656 799 1‘326.
675 704 717 787 Θ
733 698 877 797 succeffit
899 702 1099 779 Gerbrandut
1117 704 1186 787 &e
1200 706 1226 745 “
1236 720 1332 796 prout
1349 716 1423 778 mort

221 806 431 896 insuccefforr
446 805 539 896 haias
565 800 713 875 Henrici
735 798 954 893 adducemus]

273 898 386 971 XVII.
414 898 765 977 Gerrnrnnus,
791 895 964 987 quietiam
982 893 1283 967 Gtuutuuus.
1313 902 1418 987 1326.

218 992 285 1067 Iste
307 992 374 1067 fuit
397 996 525 1067 baculo
554 988 716 1086 pastorali
740 991 899 1081 privatus
924 985 995 1065 fine
1024 988 1124 1063 causa
1150 991 1325 1081 aJoanne
1355 990 1420 1064 Di·

217 1088 362 1179 sturni,
377 1092 415 1163 dt
434 1090 623 1183 appellavit
641 1082 962 1181 Archiepiscopuor.
990 1083 1172 1181 [Nemprs.
1192 1091 1418 1180 coloniensem,

217 1190 459 1279 metropolitam.
494 1186 551 1276 13st
564 1180 673 1274 rarssrs
688 1185 770 1255 unde
786 1186 915 1279 credam
930 1183 996 1255 haec
1011 1206 1050 1255 rx
1070 1182 1234 1258 Metthaeo
1255 1180 1418 1279 desumpta

219 1277 290 1375 effe.
335 1281 537 1366 Bouaria,
563 1280 939 1375 qoaeadpraecedenrem
971 1276 1168 1353 Henricum
1197 1282 1233 1349 in
1267 1284 1419 1376 Catalopo

217 1376 275 1467 suo
300 1373 464 1471 apposuit:
495 1418 518 1451 η
544 1374 704 1449 Succeffit
738 1374 995 1467 Gerbrandus,
1030 1373 1092 1447 seu
1132 1372 1353 1462 Gerlanduo,
1377 1396 1418 1449 ut

197 1514 244 1550 ·r2
271 1495 348 1543 eum
369 1491 476 1545 vocat
504 1470 713 1545 WilheInrus
739 1471 952 1545 Procurator
981 1472 1025 1543 ad
1054 1494 1132 1543 ann.
1165 1478 1268 1564 1326.
1295 1470 1416 1559 Quem

220 1608 244 1645 n
270 1567 396 1640 baculo
430 1567 593 1663 pastoraii
623 1569 779 1661 privavit
805 1566 873 1640 fine
909 1566 1008 1640 causa
1036 1568 1189 1656 Joannes
1217 1588 1284 1638 van
1321 1566 1417 1641 Diest

103 1686 105 1729 ;
221 1707 244 1741 η
271 1664 454 1759 episcopus
481 1660 731 1759 'l*rajecieniis,
760 1688 798 1737 ut
825 1665 1036 1747 Wiiireitnus
1065 1659 1274 1735 Procurator
1305 1664 1417 1739 titud

103 1754 105 1823 ἕ
222 1802 246 1835 η
271 1783 350 1833 ann.
374 1782 473 1852 1330.
488 1759 676 1853 Impatiens
696 1782 811 1833 autem
831 1762 964 1855 iniuriae
974 1782 1082 1854 quum
1100 1756 1417 1855 Archiepiicopunr

222 1899 244 1932 t)
272 1855 487 1951 rrppeliaffet⁹
513 1854 678 1929 sufficitur
695 1859 831 1929 interim
862 1860 898 1928 in
926 1857 1001 1948 ejus
1025 1861 1142 1930 locum
1164 1854 1316 1948 Joannes
1342 1861 1417 1952 qui·
1453 1907 1456 1911 »

221 1994 245 2029 η
271 1952 348 2025 dam
366 1953 410 2022 de
428 1951 588 2022 Colonia.
610 1958 632 1992 ‘⁸
653 1951 767 2041 Juvat
782 1956 892 2023 audire
908 1953 1117 2024 Wiibeimum
1132 1957 1177 2023 ad
1195 1958 1290 2024 dau
1315 1978 1416 2049 1330.
1446 1980 1451 1992 ·

222 2055 371 2122 Arato.
400 2066 474 2119 tom.
496 2067 527 2116 a.
543 2068 575 2137 p.
595 2064 677 2137 704.
704 2090 730 2120 r,
754 2044 847 2118 lnter
871 2048 1019 2119 maxima
1038 2048 1139 2139 hujus
1158 2052 1324 2141 temporis
1345 2076 1416 2127 rne-

221 2185 245 2221 n
272 2140 449 2217 mutabilia
467 2142 581 2213 lucide
600 2144 774 2218 numerari
798 2144 946 2236 poterit,
971 2142 1121 2213 Praelaro
1147 2140 1217 2213 stne
1241 2145 1340 2216 causa
1365 2152 1417 2220 di·

222 2282 246 2317 „
272 2241 411 2334 gnitatis
430 2236 592 2310 consueta
606 2238 855 2323 tuberoni,nec
870 2261 940 2311 nun
958 2238 1084 2333 absque
1101 2238 1185 2330 juris
1197 2240 1317 2312 ordine
1330 2242 1419 2337 rjus-

222 2378 246 2413 „
272 2339 349 2408 dem
378 2332 493 2406 officio
518 2332 674 2425 spoliari,
706 2338 802 2408 velut
837 2336 880 2407 ad
912 2333 1062 2430 praesens
1100 2333 1219 2405 Abbas
1250 2339 1416 2415 videlicet

223 2476 246 2511 ‚2
272 2428 387 2504 saneti
406 2428 503 2502 Pauli
522 2430 777 2524 Trajedienfisr
802 2435 864 2523 qui
889 2433 1036 2526 proprio
1054 2450 1230 2503 conventu
1253 2432 1417 2509 hedenus

103 2554 104 2561 ,
222 2570 246 2606 n
272 2524 367 2623 quast
403 2522 646 2620 despectiffime
674 2530 827 2621 regitur,
863 2529 900 2602 &
928 2551 992 2621 per
1016 2529 1174 2619 Joannrm
1211 2524 1414 2604 Pontificem

221 2668 245 2703 r>
270 2624 457 2718 abjicitur,
494 2620 668 2715 anuloque
699 2627 864 2717 privatur.
891 2631 915 2668 “
951 2625 1055 2695 Verbo
1085 2628 1212 2695 minime
1237 2624 1411 2717 perspicue.

221 2726 351 2819 ,Quibus
369 2718 568 2813 subjicitor,
596 2741 665 2813 quae
684 2728 793 2791 aerior
817 2720 915 2813 noster
939 2726 984 2791 ad
999 2744 1075 2813 pone
1086 2716 1323 2816 subsequentem
1347 2725 1425 2796 Ao·-

221 2822 327 2891 barem
342 2818 480 2887 adducit.
532 2814 677 2904 Difficile
699 2819 913 2909 intelleciuest
936 2820 1019 2912 qood
1037 2826 1109 2901 air,
1136 2819 1343 2889 Gierlandum
1361 2825 1415 2891 de·
1517 2901 1522 2913 ,

218 2918 352 3009 postium
363 2912 460 3001 furffl
476 2906 544 2981 fine
562 2908 682 2995 causa,
706 2915 840 3007 dequo,
864 2916 933 2999 crim
951 2909 1056 3004 supra
1076 2930 1180 3007 ageret
1206 2919 1243 2985 de
1273 2919 1410 2987 Hemico

219 3011 345 3085 Abiere
356 3006 453 3078 XVI.
478 3008 581 3092 dixit,
592 3030 662 3077 eum
679 3010 724 3079 ad
740 3012 945 3083 Abbatiaiem
961 3014 1151 3102 dignitatem
1163 3011 1196 3078 in
1216 3007 1412 3097 discordia,

219 3102 489 3199 &spiritunon
509 3101 624 3175 saneto
649 3103 794 3177 trastum
816 3102 939 3199 furffl:
966 3107 1121 3177 hominem
1147 3102 1208 3179 srbi
1235 3106 1408 3180 nonsatis

217 3200 458 3279 sufficientem,
484 3202 581 3269 mairo
602 3205 704 3269 minus
723 3221 835 3293 aprum
859 3207 914 3296 qui
928 3206 1078 3295 praeeffet.
1129 3202 1174 3273 tr
1190 3209 1273 3277 enim
1296 3209 1407 3278 videor

216 3300 297 3371 mihi
312 3299 482 3388 intelligere
498 3290 540 3373 Β
554 3296 660 3365 verbis
675 3296 739 3384 rjus
758 3320 817 3366 non
835 3305 934 3388 magis
953 3301 1125 3381 concinnis,
1152 3322 1248 3391 quam
1261 3301 1406 3389 superius

215 3399 378 3488 allegata,
410 3392 452 3473 ὃ
480 3412 548 3485 quae
573 3388 651 3476 sunt
677 3390 730 3459 Iac.
757 3395 811 3462 cit.
829 3413 862 3481 p.
898 3394 979 3479 644.
1013 3392 1059 3460 ad
1086 3413 1153 3481 quae
1176 3417 1236 3462 non
1256 3398 1406 3467 advertit

214 3490 423 3574 Mattheus,
449 3511 503 3559 nec
517 3485 625 3557 audior
640 3484 761 3575 noster:
787 3527 808 3559 n
835 3480 952 3579 Hujus
970 3482 1090 3557 vicino
1105 3489 1407 3583 temporevirper

215 3626 238 3661 n
264 3581 387 3656 cuneta
420 3581 606 3654 iaudabilis
634 3581 754 3653 Abbas
784 3581 950 3654 videlicet
982 3578 1097 3652 Sancti
1125 3576 1225 3655 Pauli
1254 3585 1404 3658 coenobii

215 3722 239 3759 n
266 3676 496 3773 Trajecteosts
527 3680 685 3751 Hrnricus
719 3678 858 3749 nomine
887 3677 1075 3749 demedio
1110 3676 1266 3769 tollitur,
1290 3681 1311 3723 *
1334 3705 1403 3775 pro

213 3820 238 3857 υ
262 3775 361 3869 cujus
383 3771 588 3849 succeffione
611 3772 853 3867 disputationis
884 3774 1029 3845 materia
1059 3775 1256 3849 ventilatur.
1307 3776 1401 3849 Cum

212 3915 236 3950 n
261 3894 374 3949 autern
408 3871 443 3942 in
467 3871 634 3943 electione
667 3867 823 3963 Capituli
858 3866 1014 3941 diffenfio
1037 3868 1290 3957 crebresceret,
1316 3873 1404 3947 aliut

211 4012 236 4047 .,
262 3990 404 4065 quoque
427 3968 532 4037 alium
554 3966 760 4061 postularet,
786 3966 925 4059 quidam
951 3966 1163 4049 dorlandus,
1188 3963 1310 4059 spiritu
1336 3971 1402 4043 uti·

212 4107 236 4144 n
262 4088 339 4137 narn
365 4060 489 4137 Sandio
512 4062 556 4137 ad
575 4062 688 4134 sedenr
707 4062 874 4149 trahitur,
900 4060 997 4153 cujus
1026 4084 1140 4135 tamen
1167 4062 1302 4154 pridem
1332 4086 1402 4137 rne-

210 4202 234 4241 n
259 4162 403 4235 moriam
425 4160 539 4254 perire
562 4180 642 4231 cum
661 4157 778 4233 sonitu
798 4158 997 4254 putabatur.
1047 4154 1083 4229 Is
1103 4180 1244 4252 quoque
1257 4160 1405 4328 pezdis·

229 4302 234 4311 ·
1199 4298 1222 4334 υ
1247 4278 1308 4329 6οῐ
1334 4277 1403 4329 lam

248 4378 377 4447 *Haec
402 4394 475 4446 nou
498 4377 563 4449 effe
585 4378 811 4470 intelligenda
831 4378 876 4447 de
902 4392 1015 4449 morte
1034 4351 1205 4459 violenta,
1235 4393 1336 4465 patet
1354 4396 1404 4449 ex

206 4464 505 4539 ntecedentious.

234 4560 236 4563 ’
776 4542 839 4623 Rt
865 4568 884 4641 3
