3967 5167
584 505 667 613 αα
724 479 1064 592 ααααοείτι
1089 482 1391 620 ααιαααα
1418 486 1625 591 capnt

585 690 762 763 Henricus
777 691 937 759 Daisman
955 689 988 756 S.
1004 689 1102 773 θοαί.

586 776 762 846 Hemicus
777 775 822 843 de
838 774 992 859 Tegelen
1007 774 1046 839 Β.
1061 766 1186 840 Μανία.

586 859 762 927 Henricus
781 861 937 939 Raescop
954 858 992 924 Β.
1007 856 1135 924 Μανία.

586 944 806 1010 Hermannus
825 942 856 1006 S.
872 940 962 1006 Salv.

588 1024 808 1094 Hermannus
828 1026 957 1092 Comes
977 1023 1021 1091 de
1035 1022 1246 1113 Renneburg
1262 1023 1294 1093 S.
1311 1022 1402 1095 Salv.

588 1102 811 1177 Hermannus
828 1106 859 1174 S.
875 1108 969 1191 Jocm

588 1186 771 1261 nubemus
792 1192 836 1259 de
857 1190 1105 1259 Amersfoorde
1124 1187 1163 1254 B.
1179 1188 1306 1261 Μανία.

590 1274 697 1362 Hugo
717 1274 755 1343 B.
775 1276 899 1341 Μανία.
1242 1301 1246 1309 ·

613 1359 740 1425 acobus
758 1361 801 1427 de
821 1358 957 1425 Zierick
974 1357 1116 1442 Μαίανίν.

613 1437 740 1511 acubus
761 1443 792 1509 S.
814 1442 904 1509 Salv.

613 1523 742 1593 ambus
761 1527 927 1593 pamelius
947 1524 977 1591 S.
996 1524 1087 1592 Salv.

613 1612 741 1676 acubus
756 1628 823 1676 van
843 1610 1098 1675 Lichtenberch
1114 1607 1145 1676 S.
1163 1606 1261 1677 Petri.

614 1694 743 1759 acubus
762 1695 955 1759 simonetta
974 1691 1005 1757 S.
1025 1692 1119 1758 Petri.
1149 1716 1153 1723 ·

615 1776 743 1843 acubus
760 1778 804 1843 de
821 1776 1079 1842 Lichtenberch
1094 1774 1126 1841 S.
1142 1775 1240 1860 Joan.

614 1876 743 1925 oannes
759 1862 802 1926 de
820 1858 1017 1926 Montfoort
1033 1858 1176 1940 Μαίονίν.

617 1958 744 2008 oannes
761 1946 929 2011 Slacheck
946 1942 1087 2022 Μαίανίν.

616 2040 744 2091 oannes
760 2030 805 2093 de
822 2024 1054 2092 Bronckhorst
1072 2024 1105 2093 S.
1120 2023 1211 2092 Salv.

616 2122 742 2178 oannes
759 2111 803 2177 de
822 2110 931 2175 Flisco
949 2109 980 2176 S.
997 2107 1087 2175 Salv.

613 2208 742 2259 oannes
759 2194 862 2260 Goch
880 2192 911 2260 S.
929 2191 1017 2258 Salv.

614 2292 740 2341 oannes
756 2276 890 2343 Schade
911 2274 940 2342 S.
953 2275 1050 2339 Petri.

615 2371 743 2425 oannes
760 2361 804 2427 de
819 2358 1016 2443 Burgundia
1032 2354 1064 2422 S.
1086 2354 1178 2423 Ρνίνί.

616 2456 743 2509 oannes
759 2445 803 2511 de
820 2442 1020 2509 Heesboom
1037 2440 1068 2507 S.
1083 2439 1178 2505 Petri.

615 2518 796 2593 otnnes‘S.
817 2526 912 2608 Jocm.

597 2622 599 2629 ’
660 2626 744 2676 nnes
762 2612 842 2679 Siac
861 2629 929 2676 van
945 2610 1108 2693 Lochum
1120 2604 1154 2676 S.
1169 2599 1268 2692 Joan.

616 2706 743 2759 oannes
760 2696 859 2760 Miles
877 2692 908 2763 S.
923 2692 1020 2777 Joan.

618 2789 747 2840 oannes
761 2778 838 2861 Nys
856 2778 900 2843 de
916 2775 1074 2843 Borffalia
1091 2774 1123 2842 S.
1137 2770 1234 2857 Joan.

617 2875 742 2925 oannes
763 2860 1018 2945 Ingenwinckel
1039 2858 1069 2925 S.
1088 2858 1186 2941 Joan.

618 2958 744 3007 oannes
761 2944 805 3009 de
823 2942 962 3009 Reneffe
980 2943 1011 3009 S.
1026 2943 1123 3024 Joan.

617 3040 745 3089 oannes
765 3028 808 3093 de
824 3026 922 3107 Croy
938 3024 975 3092 B.
992 3027 1115 3092 Μανία.

642 3118 749 3172 annes
766 3110 806 3175 ab
824 3109 988 3175 Oratorio
1004 3109 1043 3174 B.
1059 3107 1185 3173 Μανία.
1211 3136 1216 3143 ·
1321 3134 1324 3139 ·

620 3202 747 3258 oannes
765 3195 807 3259 ab
822 3192 982 3259 Altavilla
1001 3193 1038 3257 B.
1054 3192 1178 3256 Μανία.

644 3284 748 3342 annes
764 3296 784 3343 a
804 3277 916 3343 Buren
937 3276 974 3343 Β.
993 3276 1118 3341 Μανία.
1355 3318 1359 3321 -

620 3369 748 3426 oannes
767 3362 810 3427 de
832 3361 987 3426 Lovanio
1009 3358 1048 3425 Β.
1070 3355 1194 3423 Μανία.
1701 3372 1795 3443 lm.

621 3455 749 3511 oannes
767 3445 931 3512 Albertus
948 3441 1105 3509 Marchio
1120 3441 1165 3509 de
1178 3438 1459 3511 Brundenburch.
1478 3440 1518 3513 B.
1529 3430 1655 3514 uam.
1699 3454 1794 3525 ηπ.

645 3538 750 3593 annes
766 3528 935 3596 Slacheck
951 3526 990 3592 Β.
1007 3524 1130 3594 Μανία.

623 3622 752 3676 oannes
773 3612 891 3677 Fonck
912 3608 951 3676 B.
966 3610 1089 3678 Μανία.

623 3690 771 3762 ordanus
791 3694 822 3762 S.
844 3693 935 3761 Salv.

647 3774 754 3843 docus
771 3796 838 3845 van
858 3773 1091 3846 Wittenhorst
1108 3773 1149 3845 Β.
1164 3773 1287 3851 Μανία.

685 3861 804 3929 bertus
824 3860 856 3929 S.
872 3858 963 3929 Salv.
1314 3888 1319 3895 ’

597 3936 805 4013 lambertus
824 3944 855 4015 S.
870 3944 960 4014 Salv.

596 4022 718 4094 imo
735 4028 880 4112 Maioris.

597 4104 760 4179 nardus
778 4115 921 4196 Majoris.

597 4186 758 4263 Litardus
777 4197 816 4267 B.
834 4198 957 4267 Μανία.

597 4268 803 4363 Ludolphus
821 4282 965 4364 Majoris.

594 4356 799 4437 Ιίααανίααα
816 4366 956 4453 Μαίανία.
