3967 5167
304 532 567 637 ursrmu.
595 534 662 629 ur
689 498 994 647 domoon
1017 531 1241 629 uusrrs
1263 540 1341 628 ac.
1370 562 1456 661 435
1499 679 1506 693 ·

297 744 355 819 dis
371 766 449 817 non
465 738 573 816 debet
583 738 646 811 aut
664 736 797 832 potent
808 731 1039 811 fiscanum&
1057 736 1261 836 Capitulum
1273 734 1415 833 dispen-

104 874 106 881 ·
255 930 259 943 Ι
298 842 371 933 iure
388 845 503 916 edem
515 838 627 913 oculis
644 833 939 909 cnnmvmobm..

347 1043 444 1145 Quia
465 1043 581 1121 voluit
597 1044 695 1143 quod
712 1040 973 1117 distributiones
998 1042 1085 1117 tales
1099 1042 1318 1141 solummodo
1333 1068 1410 1142 pre·

260 1148 261 1151 ’
294 1144 441 1223 narratis
460 1140 581 1216 flumin
607 1143 730 1217 Choro
752 1137 1039 1235 permanentibus
1070 1142 1106 1215 dc
1130 1144 1249 1216 debite
1273 1164 1315 1218 ac
1339 1157 1409 1217 mo·

293 1258 367 1315 rate
383 1240 419 1311 in
436 1239 530 1313 boris
547 1235 616 1313 stne
634 1238 814 1312 insolentia
833 1237 907 1308 rixa
921 1242 983 1309 'ant
998 1234 1283 1316 confabulatione
1291 1238 1332 1315 =se
1351 1243 1410 1314 ha·
1472 1309 1477 1319 ,

293 1334 478 1423 bentibus,
503 1334 571 1409 fint
586 1337 758 1413 reservate
775 1333 812 1411 &
827 1355 899 1407 nou
919 1334 1007 1407 aliis.
1056 1416 1061 1426 ‚

337 1538 437 1615 ‘Etsi
458 1541 584 1639 aliquis
600 1542 699 1639 quod
714 1536 825 1629 abiit„
851 1540 951 1617 aliter
970 1538 1099 1616 fdtur'is
1116 1539 1330 1639 temporibus
1356 1564 1409 1618 re·
1429 1627 1432 1636 ,

228 1650 236 1663 ’
292 1640 455 1734 ciperet,
479 1641 624 1735 injuste3
638 1643 778 1737 inique,
791 1638 954 1714 indebite
971 1638 1409 1714 &contraconscienciam

293 1734 356 1809 fibi
374 1736 561 1811 vendicare
578 1739 773 1822 niteretur,
798 1759 865 1812 nec
885 1738 1027 1831 aliquod
1040 1735 1098 1832 jus
1116 1735 1153 1809 iu
1169 1737 1293 1809 talibus
1309 1737 1409 1809 bonis
1428 1768 1432 1775 ·

293 1829 340 1907 fic
361 1836 513 1930 receptis
532 1836 749 1930 acquireret,
775 1833 814 1908 dt
841 1835 886 1909 ad
905 1831 1156 1909 restitutionem
1185 1852 1303 1909 coram
1327 1830 1432 1908 Deo*

223 1926 240 1953 ⁰
292 1926 482 2005 efficaciter
500 1926 583 2005 effes
599 1930 790 2027 obligatus.
1058 1933 1062 1939 ’
1427 1909 1432 1948 ¹

1061 2048 1096 2107 0
1425 2007 1432 2150 ἑ

340 2132 432 2209 Item
449 2134 565 2211 voluit
588 2130 627 2209 dt
654 2131 851 2220 ordinavit,
878 2132 975 2229 quod
1002 2135 1276 2211 uolensiucrati
1298 2132 1408 2215 dilui·

292 2230 454 2307 butiones
472 2234 508 2306 iu
528 2230 657 2305 summa
677 2228 782 2303 Milia
808 2229 915 2305 debet
947 2239 1152 2329 comparere
1179 2252 1259 2306 cum
1286 2232 1430 2305 habitur
1454 2258 1496 2325 χ

291 2328 470 2424 religionis
485 2328 626 2405 decenti
641 2346 825 2423 antequam
844 2328 1171 2499 cantcffurAsptrges
1188 2352 1237 2402 nrt
1251 2328 1385 2404 Domine
1394 2378 1406 2417 ,
1424 2357 1430 2446 ¹3

157 2460 161 2465 ·
294 2426 331 2501 &
352 2446 556 2523 permanere
574 2422 680 2520 usque
698 2426 736 2497 in
753 2422 858 2497 finem
875 2424 933 2498 Mi
961 2446 995 2499 e.

342 2630 513 2711 Similiter
536 2637 656 2713 rolens
677 2636 808 2711 lucrari
833 2634 1094 2712 distributiones
1107 2634 1150 2711 in
1171 2636 1305 2720 Prima,
1317 2636 1430 2717 Ter-l

293 2730 369 2819 cia,
403 2732 536 2823 Sexta,
570 2732 707 2821 Nona,
741 2732 779 2807 δι
805 2732 960 2831 utrisque
989 2730 1265 2829 Completoriis,
1303 2735 1409 2808 debet
1422 2737 1428 2865 1
1569 2830 1572 2835 ,

202 2848 205 2854 ·
293 2851 496 2925 comparere
512 2854 592 2905 cum
612 2829 734 2905 babitu
753 2830 978 2943 religioniaut
988 2832 1200 2927 premittitur
1215 2850 1296 2903 ante
1313 2830 1408 2925 prin·

292 2927 426 3021 cipium
443 2928 481 3003 δι
497 2926 762 3002 inchoacionem
779 2928 884 3023 primi
895 2923 1021 3002 Psalmi
1036 2922 1204 3001 ditinum
1223 2929 1409 3016 horarum,

256 3054 257 3064 Ν
292 3018 332 3095 dt
351 3044 555 3118 permanere
574 3023 736 3121 usquein
758 3022 868 3101 finem
894 3022 1084 3113 secuudum
1101 3023 1300 3101 modum&
1325 3044 1407 3122 oon·

292 3140 419 3215 ceptus
434 3142 669 3219 prenarratur.
1174 3140 1179 3147 ·
1422 3129 1428 3241 Ι

280 3280 293 3309 x*
341 3320 430 3400 Item
455 3325 569 3400 voluit
585 3322 622 3397 &
637 3326 815 3401 ordinavit
842 3322 956 3399 didus
982 3322 1098 3399 Dnui.
1127 3324 1293 3413 Decanus
1312 3327 1424 3423 quod·
1471 3394 1476 3402 .

1420 3413 1424 3426 l

1422 3431 1426 3442 Ι

293 3420 425 3495 habeus
444 3418 566 3497 Miffas
593 3446 637 3495 ex
662 3422 929 3497 fundationibus
954 3422 1109 3517 propriis
1136 3422 1338 3496 adeersum
1371 3425 1427 3631 &¹

292 3517 559 3593 determinatum
582 3539 748 3617 tempus,
768 3538 943 3617 poterunt
971 3521 1121 3595 chorum
1147 3520 1243 3608 crire
1266 3520 1307 3597 dt
1328 3518 1408 3598 suas
1486 3565 1490 3571 ·
1612 3500 1615 3504 ¹

290 3611 414 3689 Miss'as
434 3614 631 3705 celebrare,
656 3617 784 3713 quibus
799 3616 983 3699 celebratis
1011 3611 1124 3703 statim
1144 3611 1183 3690 dr
1214 3612 1285 3690 fine
1308 3639 1429 3691 mora*
1473 3664 1485 3695 t
1607 3714 1613 3732 Ι

288 3714 403 3787 redire
422 3712 596 3797 ,licencia
614 3733 730 3789 tamen
755 3715 862 3812 prius]
877 3737 897 3787 a
913 3710 1010 3789 Dno.
1041 3711 1190 3790 Decano
1204 3713 1315 3790 autin
1333 3715 1407 3811 ejus

288 3806 450 3884 absencia
466 3830 488 3884 a
504 3808 728 3901 Vicedccauo
746 3812 862 3911 petita
874 3810 913 3889 dt
925 3809 1087 3927 obtenta·
1236 3833 1242 3843 ·

335 4016 507 4099 Similiter
522 4018 666 4097 officiati
691 4019 793 4097 chori
819 4038 861 4095 ut
885 4036 974 4117 puta
997 4016 1281 4109 Matrinultuius,
1304 4017 1402 4096 fune·

286 4119 485 4213 zaurarius,
510 4121 548 4198 dt
569 4117 761 4217 Orgonista
778 4116 848 4194 saue
864 4118 1013 4194 licencia
1037 4118 1075 4194 δι
1104 4116 1309 4216 perdicione
1335 4116 1402 4191 dis·

285 4214 519 4298 tributionum
532 4216 632 4301 licite
648 4222 823 4321 putcrbut
844 4218 995 4294 clmrum
1010 4216 1112 4298 erue
1129 4214 1177 4293 dt
1196 4214 1260 4294 suo
1286 4212 1402 4291 officia

284 4332 484 4399 excercere.
605 4398 614 4411 ,
666 4378 670 4385 .
743 4378 762 4392 ..
844 4375 914 4391 ,.
1205 4396 1212 4409 ,
1306 4376 1313 4399 ⁴
1366 4392 1372 4405 .

325 4466 368 4483 ..
888 4408 996 4489 iila
1300 4406 1404 4487 Simi-
