3967 5167
427 3235 431 3242 ·
565 3211 690 3261 teoto
715 3187 812 3283 Rege
839 3191 875 3261 'm
899 3191 1056 3284 partibus
1080 3186 1252 3260 Flandriae

559 516 639 580 roa
699 479 1261 582 TRACTATUS
1319 479 1603 580 SUPER

553 684 757 782 opibusque
784 701 930 763 erotus,
955 669 1099 752 minime
1121 651 1304 776 opitulari,
1330 676 1517 772 potuisset,
1550 680 1647 779 quod
1672 685 1750 760 κῃ.
1892 689 1894 766 j

555 805 667 877 quum
684 777 752 851 fuit
771 778 842 865 tis,
866 800 931 872 per
945 778 1063 850 literas
1088 773 1162 848 suas
1188 799 1229 847 ut
1248 772 1487 872 aCapitaneo
1510 780 1690 854 charisimi
1712 786 1750 858 in

556 873 702 951 Christo
728 875 789 947 filii
816 875 922 951 nostri
953 871 1139 949 CAROLI
1166 870 1411 944 Romanorum
1440 873 1478 946 &
1505 874 1751 973 Hispaniarum

558 971 670 1068 Regis
697 973 873 1046 Catholici
891 973 928 1043 in
952 970 1204 1066 Imperatorem
1222 967 1344 1056 electi,
1370 968 1432 1064 qui
1448 968 1565 1046 Frifiae
1581 995 1728 1069 praeerat
1734 1027 1748 1064 ‚
1893 1051 1894 1054 ,

558 1072 730 1144 auxilium
745 1067 995 1164 deposcerent,
1007 1063 1284 1151 comedissem&
1302 1063 1416 1160 ipsum
1433 1063 1668 1146 Cnnotun
1681 1069 1749 1145 Re·
1892 1127 1894 1140 ,

560 1189 663 1262 gem,
690 1167 753 1262 qui
772 1166 876 1238 etiam
891 1163 979 1238 Dux
992 1161 1191 1236 Brabantiae
1207 1163 1246 1237 δι
1263 1162 1394 1236 Comes
1409 1162 1590 1240 Flandriae.
1601 1169 1639 1242 δι
1659 1166 1750 1243 Hol·

557 1263 685 1336 landiae
701 1262 834 1348 existit,
846 1265 883 1334 in
900 1261 1092 1334 Dominum
1110 1257 1379 1354 cognoscerent,
1390 1261 1569 1338 licentiam
1585 1261 1747 1349 dedisset,

558 1359 776 1434 absolvendo
793 1382 855 1432 eos
880 1359 924 1431 ab
943 1359 1142 1452 hommagio
1168 1355 1228 1428 fibi
1258 1354 1436 1452 praestito,
1460 1381 1502 1432 ac
1516 1362 1750 1454 juramentum
1893 1377 1894 1408 ³

559 1457 735 1530 fidelitatis
757 1456 807 1529 tie
826 1453 1035 1537 relaxando,
1061 1477 1102 1526 ae
1120 1450 1204 1528 diiii
1222 1450 1390 1526 Consules
1415 1453 1461 1530 ad
1480 1453 1548 1530 hoe
1566 1456 1752 1553 deputati,
1892 1513 1894 1552 ι

561 1557 737 1628 literarum
757 1553 944 1626 earundem
973 1553 1119 1647 vigore,
1150 1547 1230 1646 post
1248 1552 1405 1642 quadam
1430 1549 1586 1648 capitula
1600 1576 1678 1630 cum
1693 1556 1749 1650 ip·

560 1649 627 1725 stus
652 1649 838 1724 Cnttotr
864 1649 970 1744 Regis
997 1646 1155 1722 ministris
1183 1643 1344 1722 conferta
1372 1648 1463 1720 inter
1488 1668 1614 1724 caetera
1637 1652 1750 1726 conti·
1893 1717 1894 1726 ,

559 1749 698 1832 nentia,
723 1767 763 1819 ut
789 1742 903 1819 disses
928 1745 1147 1820 Cnuottte
1174 1739 1255 1816 Rex
1282 1745 1539 1853 quamprimum
1559 1747 1749 1822 exercitum

560 1844 748 1931 instruere,
774 1864 816 1916 ac
830 1843 961 1915 bellum
979 1838 1044 1936 ipsi
1062 1839 1167 1912 Carrio
1181 1837 1277 1913 Duci
1293 1839 1420 1914 inferre
1439 1839 1605 1924 deberet,
1630 1842 1664 1917 se
1683 1841 1747 1940 ipsi
1892 1905 1894 1952 ἑ

558 1938 688 2014 Cnrto
699 1962 753 2013 eo
766 1937 857 2034 Regi
873 1940 1043 2012 dederunt
1059 1936 1095 2011 &
1113 1936 1349 2032 hommagium
1369 1934 1406 2008 ἃ
1417 1934 1647 2032 Juramcntum
1666 1939 1749 2016 fide·

559 2039 690 2122 litatis,
722 2036 796 2130 ejus
820 2055 904 2108 tunc
925 2033 1167 2129 procuratori,
1200 2029 1446 2128 prestiterunt.
1495 2033 1642 2110 Etcum
1661 2037 1747 2111 inte·
1892 2025 1894 2086 ἶ

560 2137 629 2207 rim
650 2135 803 2229 populus
826 2126 1058 2226 Trajettenns
1085 2132 1130 2202 de
1158 2126 1285 2204 Eledto
1308 2127 1539 2220 restituendo,
1564 2130 1675 2224 &,'s1
1700 2134 1751 2208 eie

475 2296 482 2305 .
560 2232 665 2303 venia
683 2232 845 2312 daretur,
868 2225 983 2301 rursus
1006 2227 1042 2299 in
1061 2226 1249 2300 Civitatem
1267 2225 1470 2299 revocando
1493 2225 1749 2326 pertrad'taiset,

562 2327 650 2398 Dux
676 2324 749 2422 ipse
774 2325 857 2396 dolo
876 2323 920 2396 dr
939 2323 1060 2397 fraude
1086 2323 1306 2418 quorundam
1331 2320 1569 2398 seditiosorum
1585 2327 1747 2414 allerias,

513 2428 517 2435 “
560 2423 752 2496 Civitatem
765 2419 978 2516 Trajtstens.
1003 2418 1215 2492 clandestine
1238 2419 1452 2514 occupavit,
1477 2443 1622 2520 eamque
1646 2421 1751 2498 hosti·

562 2519 640 2591 iiter
664 2518 830 2613 diripuit,
876 2515 916 2589 dr
940 2538 980 2589 ut
1005 2513 1116 2590 scelus
1149 2512 1272 2590 sceleti
1309 2517 1533 2612 adiungeret,
1576 2515 1749 2592 accredas
1784 2601 1785 2604 Ἴ

562 2613 785 2710 prophanare
800 2615 1009 2706 illarumque
1026 2613 1118 2684 bona
1135 2611 1302 2686 invadere
1323 2613 1360 2686 &
1383 2615 1532 2705 diripere
1551 2633 1593 2687 ac
1614 2612 1749 2688 auferre

563 2712 697 2783 veritus
711 2732 782 2780 non
798 2707 866 2781 fuit
876 2734 886 2782 ε
896 2709 1050 2803 quinimo
1066 2729 1144 2802 quae
1156 2709 1199 2782 ad
1215 2710 1371 2782 divinum
1386 2709 1518 2780 coitum
1537 2725 1633 2780 erant
1644 2705 1751 2780 desti·

565 2827 665 2891 nata,
701 2804 866 2898 sacrilego
882 2827 1009 2878 conatu
1025 2803 1153 2880 ademit
1167 2823 1272 2899 atque
1292 2800 1481 2898 usurpavit.
1505 2800 1656 2900 Propter
1671 2827 1751 2900 quae

564 2902 639 2998 ipse
656 2904 813 2972 Henricus
831 2899 993 2986 urceus,
1019 2920 1073 2976 tot
1094 2900 1245 2993 undique
1266 2899 1426 2974 molestiis
1448 2900 1486 2974 δι
1503 2901 1664 2976 aerumnit
1683 2902 1750 2973 cir-

562 3021 787 3082 cumvemur,
821 3001 864 3069 ad
889 2995 1047 3070 dileciam
1074 2999 1110 3072 in
1133 2993 1272 3069 Christo
1301 2995 1426 3083 filiam,
1457 2993 1608 3070 nobilem
1630 2997 1753 3070 mulie·

565 3118 663 3177 rem,
698 3097 945 3186 Margaretnm,
970 3089 1247 3166 Archiducissam
1270 3093 1434 3179 Austriae,
1459 3113 1526 3202 pro
1553 3093 1648 3166 disto
1668 3095 1751 3167 Cn·

1296 3188 1570 3274 ubernatnoem,
1594 3211 1660 3262 net
1677 3211 1748 3262 non

565 3283 674 3378 ipsius
706 3285 893 3358 Cruotr
919 3287 1082 3379 Regiam
1108 3282 1250 3358 Ducam
1271 3211 1472 3363 {rabennae
1500 3283 1537 3360 δι
1571 3283 1750 3360 Comitatu
1892 3313 1894 3346 ι

448 3420 451 3424 1
546 3379 769 3461 ,Hoilandiae
778 3377 1043 3460 Procuratorem
1060 3378 1250 3476 confugere
1261 3431 1270 3466 ,
1283 3381 1319 3454 dt
1334 3379 1497 3455 adversos
1514 3401 1585 3454 tam
1597 3403 1750 3458 atrocem
1893 3425 1894 3434 ι

564 3479 747 3572 injuriam,
761 3479 903 3550 horrida
918 3474 1324 3563 facinora,neceffariam
1336 3499 1442 3574 opem
1456 3480 1753 3574 implorare‚coa·
1893 3459 1894 3542 i

565 3576 647 3646 stur
658 3574 734 3647 fuit.
761 3571 903 3646 Etcum
927 3570 1054 3645 dietam
1067 3575 1289 3668 Margaretam
1303 3577 1349 3647 ad
1361 3577 1397 3648 id
1410 3575 1691 3671 promptissimam
1703 3578 1753 3647 in·

563 3665 992 3757 venisset,&moxcertus
1003 3665 1618 3766 dictiCnnotrRegisCapitaneus
1632 3671 1752 3744 valido
1893 3747 1894 3762 ,

561 3769 740 3849 exercitu,
756 3765 887 3855 magnis
907 3761 1048 3857 quidem
1066 3761 1258 3859 sumptibus
1276 3771 1492 3853 coadunato,
1508 3764 1547 3839 ἃ
1567 3765 1628 3839 sub
1650 3765 1754 3864 fignis
1893 3833 1894 3862 ,

564 3863 774 3940 constituto,
795 3860 831 3928 in
847 3856 988 3930 Ducatu
1005 3857 1089 3934 diui
1101 3861 1203 3932 Caroli
1218 3859 1331 3933 Ducis
1348 3862 1516 3956 impetum
1537 3859 1687 3952 seciffet,
1713 3885 1754 3938 ac
1892 3955 1894 3972 A

446 3999 452 4008 -
564 3958 699 4127 oppida
724 3951 884 4067 subipso
909 3952 1014 4026 Duce
1039 3956 1212 4068 violenter
1235 3977 1413 4067 ¹occupata
1435 3955 1688 4074 recuperasset,
1716 3960 1754 4034 dt
1893 3983 1894 4078 ι

563 4049 1755 4243 {trasiniisidentitate},tradidit

564 4245 630 4320 but
648 4267 719 4339 ope
744 4245 851 4418 ipsus
876 4245 1058 4319 Caroni
1079 4245 1189 4418 Repis
1212 4249 1352 4321 tandem
1375 4249 1562 4335 liberatus,
1600 4249 1755 4322 animad-

562 4363 724 4451 vertens,
763 4363 801 4429 e,
828 4343 864 4416 dt
882 4341 1069 4420 Civitatem
1090 4347 1127 4441 ip
1145 4367 1222 4431 am,
1254 4365 1296 4418 ac
1312 4363 1368 4421 tot
1383 4342 1493 4420 wcastra
1511 4343 1548 4420 dt
1566 4347 1699 4443 oppida
1718 4345 1756 4420 &
1893 4431 1894 4436 Ν

1650 4443 1763 4516 muni·
