3967 5167
460 429 463 434 ’
580 495 663 610 196
718 473 1134 586 puerosirt
1162 487 1207 582 s.
1237 449 1714 607 SALVATORIS.

581 684 660 758 nior
679 684 775 758 hunc
798 683 914 758 statuit
941 680 1170 779 Praepolitum
1198 681 1291 759 anuo
1318 708 1423 782 1453.
1446 693 1519 770 Sed
1538 722 1619 772 m
1653 703 1779 782 (pem,
1885 713 1887 754 1

582 781 680 853 nium
699 782 754 854 uti
771 775 980 876 Praepositua
998 781 1032 851 S.
1058 778 1268 868 salvatoris,
1292 787 1446 858 dominia
1466 795 1597 865 Rateltr
1616 799 1653 872 &
1676 805 1779 892 opt.
1886 813 1887 878 3

583 877 647 947 nell
671 879 708 948 in
729 875 873 949 feudum
899 876 1078 961 conoeffit,
1103 878 1156 947 uti
1172 879 1429 952 habet·Charta
1449 892 1530 960 anni
1544 914 1657 985 1443.
1675 901 1777 990 Apri·

586 972 630 1041 lit
651 991 708 1044 22.
734 993 812 1068 quae
829 973 892 1044 est
915 972 1010 1067 apud
1038 969 1172 1044 Matth.
1196 975 1241 1046 tle
1266 974 1359 1066 Jur..
1383 975 1488 1053 Glad.
1514 1010 1552 1080 p.
1583 1002 1660 1068 108,
1690 997 1780 1068 inci-

584 1067 685 1159 piens
703 1071 758 1141 his
782 1068 897 1140 verbis
918 1068 1003 1139 alias
1028 1068 1192 1162 belgicis:
1220 1071 1395 1162 Gyrbertnr
1417 1075 1530 1152 Frater
1556 1083 1671 1155 domni
1693 1093 1782 1162 Bre-

582 1163 891 1340 dnordgae,&lsrona;
919 1165 984 1236 Der'
999 1168 1108 1256 gralia
1123 1165 1302 1259 prepofilns
1326 1170 1453 1262 majoris
1478 1177 1519 1257 ὃ
1541 1183 1578 1254 S.
1601 1182 1779 1257 Saloutaria

583 1279 667 1328 ernnr
688 1281 724 1328 trs
778 1282 806 1330 c.

636 1352 829 1447 Utramque
847 1353 1133 1448 praepostturam‚
1158 1356 1304 1453 Majoris
1318 1358 1452 1438 scilicet
1467 1365 1504 1440 dt
1522 1369 1557 1441 S.
1584 1368 1778 1456 Salvatorit
1886 1453 1887 1456 ,

585 1447 819 1524 Ecclefiatum
830 1451 953 1521 habuit
965 1453 1148 1534 Gnaeum,
1174 1476 1252 1527 curn
1273 1459 1459 1552 eligeretur
1474 1463 1671 1561 Episcopus
1686 1497 1777 1548 anuo

513 1593 522 1610 .
588 1563 691 1634 1455.
719 1544 877 1618 Dubium
893 1545 963 1627 est,
986 1570 1031 1617 an
1046 1569 1228 1643 utramque
1247 1545 1445 1639 retinuerit,
1471 1559 1549 1630 clun
1564 1566 1635 1656 juri
1657 1567 1716 1642 suo
1730 1574 1775 1644 ad

582 1637 696 1712 sedem
725 1637 989 1736 Ultrajeclinam
1018 1641 1134 1728 cellit,
1157 1647 1315 1738 illudque
1346 1655 1516 1726 transtulit
1552 1663 1587 1732 in
1613 1665 1775 1736 Davidem

579 1737 807 1830 Burgundnm,
840 1761 884 1808 an
916 1757 1003 1808 vero
1033 1738 1296 1833 praeposituram
1326 1745 1360 1818 S.
1392 1749 1580 1826 Salvatoris
1607 1759 1773 1836 erbaltne
1886 1775 1887 1850 j

581 1830 772 1926 Monrfottiu
787 1833 1016 1905 abdicaverit:
1041 1834 1139 1925 cujus
1156 1837 1205 1908 rei
1232 1861 1375 1914 examen
1392 1845 1429 1918 iu
1448 1847 1673 1926 nnnelocum
1689 1859 1773 1951 reie-

581 1927 693 2001 cimus
708 1950 857 2023 propter
875 1927 1093 2002 dubitantem
1113 1932 1172 2002 hic
1189 1930 1398 2010 Bucheliuur
1418 1943 1462 2012 ad
1477 1943 1619 2020 Hedam
1637 1973 1674 2044 p.
1688 1973 1769 2044 307.
1885 1923 1887 2016 l

627 2023 837 2098 Willrelmut
856 2023 963 2096 Heda
979 2047 1060 2120 pag.
1087 2046 1166 2116 292.
1191 2055 1266 2104 rem
1290 2056 1405 2108 narrat
1421 2037 1474 2112 hie
1497 2043 1635 2116 verbis:
1660 2089 1683 2126 „
1711 2047 1772 2120 Vi-

579 2159 604 2195 „
628 2121 714 2193 dena
738 2139 854 2194 autem
868 2120 1003 2194 eleetos
1024 2121 1211 2212 (Girbartut
1246 2128 1473 2223 Brederodt'nr)
1505 2143 1671 2230 paulatim
1688 2165 1767 2228 eos,

579 2254 604 2290 υ
628 2217 805 2310 inquibus
834 2215 930 2310 spem
946 2219 1148 2303 locaverat,
1174 2220 1250 2294 ase
1266 2222 1437 2316 deficere,
1462 2235 1547 2305 utile
1570 2237 1669 2310 duxit
1686 2263 1769 2316 con·

580 2351 605 2386 η
629 2314 842 2386 cordandum
866 2333 946 2384 cum
962 2311 1068 2385 Duce
1090 2314 1230 2408 Philippo
1247 2317 1490 2422 (Burguudo)
1514 2351 1638 2424 agente
1651 2335 1768 2412 adhuc

577 2447 601 2484 „
626 2407 761 2504 Leydia
798 2461 1063 2480 ........
1098 2412 1286 2488 Conveniam
1316 2421 1364 2490 est
1399 2421 1454 2495 his
1486 2427 1768 2508 conditionibus:

576 2543 600 2580 n
624 2503 825 2600 Trajestani
850 2504 987 2579 Ducem
1009 2526 1088 2578 cum
1116 2507 1242 2580 Davide
1268 2514 1304 2588 δι
1330 2517 1495 2592 comitatu
1532 2521 1594 2596 suo
1625 2530 1765 2624 excipe·

576 2639 601 2676 n
625 2623 703 2674 rent
718 2625 797 2674 cum
825 2600 971 2696 syncera
986 2601 1157 2689 amicitia,
1183 2609 1243 2698 qui
1260 2631 1336 2680 cunr
1355 2635 1483 2707 magno
1502 2619 1622 2708 plausu
1639 2627 1766 2717 populi

577 2735 600 2769 η
625 2695 845 2770 intromill'na.
894 2695 1021 2768 Eleslo
1039 2699 1083 2769 ad
1103 2697 1366 2793 preposituram
1384 2711 1557 2805 Majorem
1583 2721 1767 2795 accederet

575 2830 600 2868 n
624 2791 851 2887 praeposrtura
866 2789 985 2864 Saucli
996 2791 1187 2868 Donatiani
1207 2799 1400 2892 Brugenlis.
1451 2806 1546 2881 Nam
1560 2813 1765 2909 praepolitu·

574 2927 598 2962 n
623 2910 697 2959 ram
735 2886 851 2961 Sansli
877 2885 1070 2959 Salvatoris
1096 2889 1326 2984 'srajellenlis
1355 2901 1532 2976 abdicavit
1556 2931 1624 3001 pro
1650 2913 1764 2986 nobili

575 3022 599 3058 η
625 2983 791 3057 thlelmo
815 2986 852 3055 de
876 2980 1039 3075 Monrfott
1065 3001 1099 3053 “.
1126 2983 1217 3059 Hac
1236 2994 1418 3086 perspicua
1438 2996 1533 3074 sunt:
1559 3026 1625 3078 uec
1650 3009 1764 3083 minua

573 3079 866 3245 alinandi
880 3075 1226 3266 {similis
1244 3089 1512 3263 literni
1528 3099 1638 3290 ¹⁶?ss
1658 3103 1763 3292 ⁸33?

574 3287 672 3359 quae,
697 3269 779 3364 quia
798 3267 875 3342 suut
906 3270 1045 3364 belgico
1063 3268 1218 3346 sermone
1242 3301 1433 3374 concepta,
1458 3291 1512 3358 his
1542 3293 1658 3366 verbis
1684 3296 1762 3368 red·

573 3375 714 3452 duntur.
739 3421 763 3456 n
788 3378 863 3453 Pax
877 3381 1007 3453 coaluit
1025 3382 1094 3455 hoc
1110 3386 1232 3478 pasto,
1258 3411 1298 3460 ut
1315 3387 1417 3468 Dona
1442 3397 1611 3490 Gytbertut
1628 3401 1665 3472 de
1680 3402 1759 3475 Bre-

571 3514 595 3550 n
619 3476 726 3548 derude
750 3477 962 3549 renuntiaret
983 3475 1144 3552 eleslioni
1167 3484 1210 3555 de
1228 3483 1262 3556 se
1286 3485 1405 3577 faslae,
1432 3491 1470 3563 dt
1501 3516 1654 3567 maneret
1671 3519 1761 3591 prae-

572 3610 596 3645 n
619 3569 751 3665 postus
770 3574 930 3668 majoris,
953 3577 1005 3644 uti
1020 3595 1099 3648 ante
1118 3575 1208 3664 fuit,
1236 3583 1298 3653 Sed
1312 3584 1543 3678 praepofirnrurn
1562 3593 1670 3663 Sardi
1686 3595 1759 3666 Sal·

570 3707 594 3742 »
619 3672 739 3740 varnis
756 3666 938 3761 conrefferor
955 3667 1123 3742 declmo
1135 3673 1341 3768 Monlfortt'n,
1367 3686 1420 3774 qni
1429 3705 1498 3754 tom
1515 3703 1633 3756 teneret
1649 3683 1755 3767 ΘΝ.

569 3757 626 3833 En
643 3762 752 3836 verba
766 3762 935 3836 auctoris:
959 3765 1023 3836 Die
1042 3783 1118 3860 pays
1138 3773 1166 3838 is
1182 3773 1272 3842 aldus
1284 3781 1461 3868 gemalem,
1487 3781 1543 3850 dna
1560 3783 1647 3852 Heer
1659 3783 1758 3879 Gya·

571 3857 697 3932 brecht
723 3880 790 3930 van
811 3857 1036 3935 Brederoden
1053 3860 1152 3952 sende
1177 3871 1300 3960 myricen
1329 3895 1393 3942 nan
1413 3873 1476 3966 syn
1497 3879 1597 3959 eleni,
1622 3882 1755 3976 endthy

560 3949 660 4042 fonde
680 3972 824 4026 ooortnen
842 3958 950 4049 blynen
976 3958 1173 4051 Domprot'sd,
1198 3965 1246 4032 als
1270 3970 1309 4060 ny
1337 3983 1368 4037 te
1389 3990 1482 4039 aoren
1508 3994 1598 4057 maa,
1623 3979 1758 4050 merdic

569 4047 703 4144 Proclly
716 4072 778 4122 oon
789 4051 1017 4145 Ondernnnfler
1031 4055 1128 4124 hadde
1137 4057 1176 4144 hy
1185 4077 1390 4158 evangegeuen
1402 4063 1541 4140 Willenr
1551 4090 1620 4140 van
1630 4069 1754 4143 Mont·

565 4139 680 4227 soert,
714 4147 788 4216 ende
817 4150 866 4221 dit
879 4149 976 4236 fonde
1004 4151 1061 4220 dot
1084 4153 1244 4225 benondtn.
1297 4161 1337 4231 ln
1362 4165 1516 4235 eamdem
1554 4162 1757 4240 sententiam

565 4241 728 4312 concedit
743 4241 1027 4343 Bockenbergiue
1043 4245 1080 4322 in
1107 4243 1317 4334 Historia&
1340 4255 1559 4355 Genealogia
1582 4261 1754 4337 Bredero-

560 4333 696 4412 diorum
717 4357 755 4434 p.
784 4348 839 4433 38.

1661 4451 1761 4540 Con-j
