3967 5167
572 509 658 604 204
710 419 1702 612 neuros·1n1s..saovnronra.

572 681 612 754 eie
630 675 787 750 Gaesbrke
800 672 871 755 &a
895 669 1049 764 aintffas
1066 662 1112 760 osb
1125 686 1185 762 per
1202 665 1409 748 Venerabilis
1428 663 1585 742 Demiror
1609 667 1647 740 de
1668 662 1760 766 Cispi-

575 777 668 860 salo,
691 771 911 866 capitulariter
934 769 986 840 die
1004 767 1176 859 capitulari
1189 769 1224 836 in
1252 765 1367 858 vigilia
1383 763 1510 838 San&
1525 764 1568 844 ἑᾷ
1589 765 1762 840 individea

575 885 752 964 Trinitatis
783 877 1000 980 congregatos,
1025 877 1223 952 Venerabilis
1254 881 1412 952 Dominus
1430 879 1548 952 Petras
1569 883 1671 970 Heiyr
1690 862 1760 973 pbr.

576 988 752 1075 Leoiienſss
768 981 928 1068 Dinonis,
948 991 1137 1068 poemenen
1147 1024 1160 1059 ,
1184 967 1226 1055 δ’
1244 999 1277 1047 eo
1297 981 1415 1048 namne
1434 977 1571 1048 Dornini
1586 971 1677 1048 Petri
1694 996 1765 1048 ven

577 1079 644 1151 den
668 1080 765 1150 Male
787 1073 852 1162 (ns
871 1099 911 1144 ex
927 1075 1143 1163 praetenuia
1157 1077 1192 1142 in
1209 1073 1357 1164 Capitale
1378 1076 1551 1166 censtgnaso
1565 1070 1676 1166 parer)
1694 1095 1764 1144 ears·

569 1177 736 1271 stitutus,
770 1175 815 1243 nd
841 1169 1071 1240 Canonieasons
1095 1161 1138 1248 Θ
1158 1165 1357 1261 praebendatos
1377 1166 1473 1262 bajas
1498 1169 1765 1261 Anderleebsesrfir

578 1271 739 1362 Keloſsa,
762 1283 820 1360 per
837 1268 970 1336 liberant
990 1267 1224 1358 refignasienem
1247 1261 1432 1336 eornnbun.
1483 1261 1762 1339 Revereodiffsmi

578 1366 618 1439 in
639 1361 779 1438 Christo
806 1357 918 1432 Patris
932 1355 970 1427 ἃ
991 1357 1156 1445 Domini,
1182 1355 1325 1429 Domini
1339 1359 1445 1430 nostri
1466 1357 1621 1453 Magistri
1644 1359 1765 1431 Adria·

579 1465 616 1534 ni
633 1460 678 1536 de
697 1456 863 1556 Trajeibo
887 1449 1057 1546 Episcopi
1076 1449 1392 1540 Derstrosensis,de
1410 1457 1527 1526 eisdenr
1544 1453 1765 1546 aovr'ffisrepsr

579 1560 701 1631 obirem
715 1551 869 1650 quondam
888 1548 1040 1643 Magistri
1058 1550 1153 1621 Petri
1178 1551 1327 1621 Zaweels
1341 1556 1461 1643 provisi
1469 1603 1480 1634 ,
1497 1550 1538 1630 δέ
1576 1575 1612 1622 er
1626 1551 1765 1622 eamdent

580 1644 887 1746 Reverendifflrnsenn
907 1643 1041 1717 Patrem
1063 1643 1250 1740 praebeam
1274 1649 1320 1716 ad
1336 1669 1449 1719 manns
1470 1665 1535 1738 pra
1553 1648 1603 1716 asi
1630 1639 1765 1718 Domini

464 1765 471 1776 '
581 1738 959 1832 Maninilianisnibans,
980 1741 1153 1836 pestsusqae
1175 1741 1218 1831 eii
1241 1741 1343 1812 dieses
1367 1741 1521 1814 Desninns
1549 1743 1671 1813 Petras
1692 1743 1763 1812 lices

581 1847 709 1932 absens,
727 1861 787 1934 per
797 1849 1033 1931 persenserant
1045 1853 1210 1932 tamqnam
1222 1835 1355 1929 presens
1374 1841 1409 1907 in
1423 1836 1599 1908 meandros
1612 1859 1651 1929 pe
1677 1836 1762 1928 effla·

581 1940 874 2029 nens-corporalem
898 1934 1014 2004 realem
1036 1925 1078 2012 δ’
1102 1935 1279 2015 annalem,
1294 1931 1450 2025 staboqae
1470 1939 1504 2004 in
1527 1931 1627 2004 Cbaro
1702 1933 1763 2004 nee

581 2038 616 2106 in
636 2031 781 2126 Capismo
801 2050 860 2124 prr
878 2025 1068 2120 pelian,
1092 2051 1161 2100 carn
1175 2027 1266 2122 jnris
1285 2027 1475 2117 plenitudine
1490 2021 1557 2118 fibi
1583 2027 1764 2122 affignaris‚

574 2130 724 2225 folioque
732 2129 938 2221 juramenta,
953 2117 1058 2212 finivit
1069 2125 1150 2217 jnra
1163 2126 1197 2194 in
1223 2121 1397 2212 bajasneodi
1421 2125 1583 2215 consueta,
1603 2117 1764 2215 presensi-

581 2227 637 2303 bas
658 2225 773 2295 ibidem
789 2219 916 2312 Jaanne
930 2219 969 2290 de
985 2221 1151 2296 Carenem,
1179 2221 1320 2291 Aeneida
1339 2241 1406 2290 van
1421 2219 1476 2290 der
1497 2215 1764 2310 Eyssen-enodes

492 2362 500 2378 ·
580 2323 627 2392 ai
639 2315 882 2411 borspetieiiser
907 2312 1051 2396 vacarit,
1077 2307 1118 2393 i?
1140 2335 1188 2384 nse
1218 2315 1349 2386 Heariee
1373 2315 1410 2385 eie
1438 2315 1599 2407 Groninga
1623 2315 1762 2386 Neronia

582 2419 736 2508 Capitoli.
789 2407 866 2482 Has
887 2405 973 2480 mihi
994 2409 1133 2481 notitias
1155 2407 1304 2502 benigne
1325 2403 1560 2502 suppeditavit
1581 2405 1766 2480 admodum

578 2508 789 2584 reverendus
817 2501 992 2576 Dominus
1011 2502 1217 2576 Dominicos
1233 2503 1400 2576 Xaverius
1422 2501 1590 2598 Foppens
1618 2499 1769 2576 Canoni-

547 2657 552 2666 .
582 2606 698 2689 cus&
719 2605 853 2677 Cantor
872 2597 1190 2684 Anderlecluensss.
1229 2595 1343 2689 Hujus
1358 2597 1537 2672 occasione
1550 2597 1768 2693 praebenda,

581 2700 678 2771 Perre
693 2719 755 2768 uon
774 2695 885 2780 Male,
909 2715 968 2767 aut
988 2696 1064 2766 Van
1081 2695 1139 2764 den
1160 2691 1253 2768 Male
1271 2691 1766 2788 perAua1anussresigna-

574 2813 647 2878 tae,
673 2789 804 2887 scripit
829 2787 859 2860 ie
887 2790 931 2861 ad
956 2787 1159 2884 Capitulum
1187 2785 1477 2860 Andeslechtense
1503 2811 1599 2876 eam,
1624 2811 1702 2882 quae
1721 2789 1766 2862 se·

581 2891 729 2982 quitor,
763 2883 976 2980 epistolam,
1012 2905 1053 2956 ex
1084 2879 1325 2976 autographo,
1356 2881 1392 2954 in
1423 2885 1580 2978 Capituli
1606 2881 1766 2960 Archino

578 2987 767 3057 etiamnum
790 2981 1051 3062 conservatam,
1076 2975 1297 3073 fideliterque
1319 2975 1537 3074 descriptam.

581 3185 587 3192 ’
704 3215 727 3251 t,
753 3171 966 3286 Spgliabiles
982 3169 1018 3246 δι
1034 3191 1201 3268 perquam
1219 3171 1418 3246 Venerandi
1434 3169 1594 3263 Domini.
1651 3193 1667 3225 ·

628 3405 651 3440 a,
679 3363 756 3456 Ago
776 3359 933 3456 inprimis
959 3357 1197 3456 Dignitatibus
1219 3363 1338 3446 vestris
1363 3363 1490 3460 gratias
1516 3385 1586 3436 non
1610 3366 1771 3462 vulgares

581 3502 604 3534 a
629 3463 672 3530 de
690 3461 930 3530 benevolentia
950 3479 1053 3550 qoam
1077 3457 1172 3530 Petro
1186 3479 1249 3529 oon
1275 3461 1368 3534 Male
1391 3457 1550 3552 familiari
1575 3483 1652 3532 meo
1669 3463 1766 3532 exhi·

581 3597 604 3630 s,
629 3556 745 3628 buistis
761 3555 962 3646 recipiendo
978 3555 1075 3624 illum
1099 3551 1166 3624 bne
1181 3556 1332 3629 molestia
1350 3559 1385 3628 in
1401 3553 1610 3628 confratrem
1629 3553 1666 3628 δι
1682 3578 1767 3628 con·

580 3693 604 3728 ‚‚
630 3649 846 3723 Canonicvm
872 3646 1043 3734 vestrum,
1068 3649 1362 3743 &receptionem
1391 3671 1554 3747 prompte
1570 3653 1763 3725 concedere

581 3789 604 3823 n
630 3749 702 3819 do:
731 3768 800 3816 non
825 3743 889 3836 (ut
905 3741 1045 3837 quidam
1069 3743 1243 3818 indiscreti
1261 3746 1376 3820 iacere
1393 3745 1526 3841 solent)
1551 3748 1609 3841 qui
1624 3749 1761 3842 questus

582 3883 605 3918 a
629 3841 730 3916 causa
747 3859 868 3912 contra
881 3839 965 3932 juris
985 3837 1140 3912 ordinem
1157 3841 1411 3918 &charitatem
1443 3839 1674 3916 confratribus
1690 3866 1766 3914 mo·

581 3979 605 4012 n
629 3941 741 4012 sestias
758 3957 799 4007 ac
814 3936 995 4029 dilationes
1011 3938 1183 4027 ingerunt.
1234 3936 1355 4013 Restat
1371 3960 1464 4011 nunc
1481 3959 1521 4009 ut
1545 3939 1688 4012 eandem
1704 3939 1768 4009 be·

579 4073 604 4108 a
630 4033 861 4105 nevolentiam
887 4034 1148 4117 continuanter,
1174 4031 1265 4104 hanc
1285 4037 1337 4108 illi
1367 4035 1512 4128 gratiam
1538 4031 1688 4115 faciatis,
1720 4053 1766 4106 ut

581 4169 604 4203 a
629 4131 673 4200 de
691 4127 859 4201 fenilibus
879 4127 1078 4221 praebendae
1098 4127 1165 4200 suae
1185 4131 1222 4198 in
1238 4129 1392 4212 Ecclesia
1408 4131 1518 4202 vestra
1534 4131 1687 4224 quanvis
1703 4129 1770 4202 ab·

578 4265 602 4299 ‚t
628 4221 714 4297 senti
738 4226 907 4297 mandetis
924 4223 984 4297 res
1027 4223 1774 4320 ndericontemplationeservitiorum‚qoae

576 4359 602 4400 n
625 4319 838 4396 Serenillimo
859 4315 950 4417 Regi
1006 4321 1127 4428 omino
1152 4320 1269 4397 nostro
1290 4325 1327 4400 ἃ
1349 4323 1434 4396 mihi
1453 4323 1511 4400 hic
1521 4323 1649 4422 iugiter
1669 4323 1775 4493 episi·

1637 4459 1662 4496 Ι)
1714 4440 1778 4506 es,
