3967 5167
344 438 655 535 unumst.
683 365 1344 553 enuntiaremus.
1377 475 1459 568 ως

262 632 389 726 vigore
415 631 590 707 literarum
619 634 752 708 Henrici
778 633 891 708 Elessi
919 635 967 709 eis
1001 633 1257 726 concessarum,
1291 641 1383 732 gesta
1411 640 1449 715 δι

257 725 374 812 sacia,
398 728 434 798 in
454 729 613 802 omuibus
630 731 668 808 dt
686 753 750 825 per
768 733 884 804 omnia
902 732 1144 826 approbarunt
1164 733 1201 806 dt
1223 733 1446 810 ratificarunt.

256 819 310 895 Et
329 821 470 917 insuper
491 826 598 898 iidem
616 821 797 920 Ptaepoiiti
822 826 960 901 Decani
976 828 1014 901 ἃ
1035 826 1199 921 Capitula
1211 829 1318 922 plane
1335 830 1445 903 const·

256 919 419 991 durantes
439 919 497 1004 id,
522 921 619 1014 quod
642 921 758 993 multis
782 923 1032 1014 experimentis
1053 924 1273 1009 didicerant,
1296 945 1449 1020 propter

251 1009 444 1094 eleiiiones
462 1011 720 1109 Episcopomm
736 1018 772 1088 in
788 1017 960 1091 discordia
975 1016 1103 1105 factas,
1127 1038 1213 1093 cum
1223 1020 1280 1090 alii
1291 1021 1359 1094 alio
1373 1043 1441 1098 tra·

250 1107 402 1191 herent,
435 1107 474 1180 dt
498 1107 564 1182 suis
593 1109 737 1206 quisque
763 1111 971 1186 fadiionibus
996 1112 1197 1201 inhaereret,
1233 1115 1442 1204 Civitatem,

90 1278 102 1296 ‚
247 1202 518 1296 universumque
531 1207 702 1299 populum
726 1226 831 1300 atque
851 1209 955 1283 etiam
971 1203 1135 1302 ipsosmet
1150 1211 1187 1280 in
1203 1228 1258 1281 tot
1277 1215 1439 1285 aerumnis
1532 1263 1545 1286 e

252 1298 291 1371 δι
312 1299 560 1372 cilamitatibus
584 1298 783 1396 frequenter
805 1301 980 1387 incidisse,
1004 1303 1156 1396 nequid
1182 1305 1251 1376 tale
1274 1303 1439 1401 deinceps
1495 1359 1497 1366 -

255 1395 433 1470 eveniret,
466 1396 560 1468 uitro
586 1417 627 1468 ac
648 1396 668 1467 s
714 1414 773 1470 nte
794 1397 907 1470 eidem
927 1399 1117 1472 Canobo
1135 1398 1248 1494 Regi,
1272 1418 1438 1496 tanquam

252 1486 351 1562 Duci
368 1487 568 1563 Brabantiae
587 1492 625 1566 δι
675 1493 773 1565 omiti
790 1491 1008 1578 Hoiiandiae,
1027 1491 1283 1576 concesserunt,
1296 1515 1336 1566 ut
1351 1519 1438 1590 quo·

251 1585 319 1656 ties
358 1587 576 1678 contingeret
613 1584 803 1682 Ecclesiam
838 1585 1092 1681 Trajeetensem
1124 1609 1242 1660 catere
1278 1587 1436 1678 Pastore,

251 1680 382 1752 nullius
399 1682 435 1752 in
453 1703 574 1755 eorum
593 1679 811 1775 Episcopum
825 1681 983 1776 elegendi
999 1683 1055 1774 jus
1073 1685 1132 1756 vei
1154 1679 1358 1777 potestatem
1376 1686 1436 1758 ha·

250 1773 399 1862 berent,
423 1795 652 1868 praeterquam
677 1779 786 1860 illius,
809 1772 922 1872 'quem
947 1777 1058 1850 dictus
1084 1774 1303 1851 Cinorus
1332 1777 1434 1867 Rex,

91 1918 93 1931 t
247 1888 290 1941 ut
310 1869 395 1944 Dux
411 1870 608 1943 Brabantiae
623 1869 660 1944 dr
682 1871 1046 1956 ComesHoHandiae,
1071 1870 1358 2039 significandum,
1382 1876 1435 1946 in·

117 1987 158 2017 -1
245 1961 474 2053 finnandum,
508 1969 826 2062 nominandumque
856 1969 1010 2041 duceret.
1061 1969 1092 2039 A
1119 1968 1275 2062 jicientes
1305 1969 1436 2055 etiam,

91 2130 93 2151 ,
210 2140 214 2148 ,
245 2081 289 2133 ut
306 2065 420 2136 nuilus
441 2060 478 2134 in
494 2057 676 2139 Decanum
700 2061 803 2137 alicui
826 2085 869 2135 ea
888 2066 1044 2160 quinque
1067 2061 1221 2138 ecclesiis
1248 2063 1431 2140 antediiiis
1583 2109 1597 2116 -

91 2164 93 2183 '
243 2156 507 2252 praeficeretur,
539 2155 604 2231 nisi
628 2159 689 2252 qui
708 2157 770 2251 ipfi
792 2155 985 2233 Cauoco
1013 2157 1067 2230 Re
1093 2158 1100 2174 '
1126 2180 1243 2252 gratus
1272 2161 1309 2232 dc
1330 2182 1431 2234 acce·

91 2290 93 2303 >
184 2264 191 2276 ·
238 2271 325 2348 ptus
341 2251 498 2337 foret,&
515 2254 919 2331 cumtuncProcuratori
939 2251 1011 2346 (8)
1027 2255 1063 2324 di
1098 2256 1302 2328 retrotr
1318 2253 1428 2352 Regis
1529 2327 1533 2338 ,

91 2392 93 2435 7
242 2346 415 2442 promissa
442 2349 602 2423 omniaa
654 2347 819 2429 robairet,
842 2346 1067 2442 acceptasset,
1092 2347 1130 2420 δι
1148 2363 1220 2418 rata
1238 2347 1429 2435 habuisset,

90 2468 94 2543 ᾗ
241 2441 521 2539 ifiPraeposrti
542 2441 579 2514 δι
639 2444 736 2515 ecani
760 2463 830 2516 tam
851 2439 1119 2516 Procuratorem
1136 2463 1239 2535 quam
1257 2442 1432 2518 thricunt

281 2535 407 2612 sosium
436 2533 602 2632 praefatos
625 2537 669 2609 ad
690 2538 854 2633 majorem
879 2534 1069 2611 Ecclesiam
1092 2537 1249 2610 comitati
1274 2537 1366 2623 sunt,
1392 2537 1431 2614 δι

91 2642 93 2663 '
241 2633 375 2708 bidem
402 2629 670 2706 Procuratorem
688 2635 723 2706 in
741 2635 969 2707 tabernaculo·
990 2634 1154 2704 decenter
1176 2651 1302 2708 ornato
1322 2637 1430 2710 coiis·

91 2800 93 2809 ξ
240 2750 385 2818 canunt,
406 2727 618 2824 -Episcopo,
648 2728 685 2802 δι
705 2731 881 2802 nonnullis
901 2725 1118 2822 praepositis,
1138 2749 1187 2801 ac
1202 2725 1356 2802 Decanis
1374 2751 1430 2804 es·

91 2888 92 2897 ,
240 2827 399 2898 rumdem
414 2821 674 2909 scelestarum,
698 2827 734 2896 in
758 2824 820 2897 suo
845 2823 990 2918 quisque
1017 2821 1138 2909 iiaiio,
1164 2843 1204 2896 ut
1230 2827 1335 2898 moris
1358 2823 1430 2916 est,
1490 2907 1492 2911 ,

239 2917 458 3008 constitutis,
492 2919 528 2993 δι
543 2919 670 2993 deinde
695 2923 826 3014 hymno
846 2920 890 2992 Tc
905 2922 1009 2992 Deum
1027 2920 1210 2990 Laudamus
1227 2919 1295 2992 alta
1310 2941 1423 3008 voce,

237 3015 393 3112 jucunde
409 3013 447 3088 &
468 3011 625 3087 alacriter
646 3015 885 3101 decantando,
909 3037 950 3087 ac
965 3009 1060 3085 missa
1076 3011 1254 3085 solemnia
1272 3016 1426 3108 quodam

91 3102 93 3193 ζ
236 3111 419 3206 Episcopo
437 3109 629 3193 celebrata,
642 3110 770 3184 ¹rursus
791 3113 963 3184 isauricum
980 3107 1138 3182 Elesium
1160 3107 1197 3181 δι
1214 3104 1426 3184 Procurato-

235 3227 311 3281 rem
328 3205 493 3304 praesatos
510 3206 556 3278 ad
572 3203 725 3280 Domum
735 3191 1150 3302 Episcopalemcomitati
1164 3200 1257 3287 sunt,
1283 3203 1425 3278 Elesio·

235 3327 309 3398 que
331 3304 459 3376 ibidem
482 3299 628 3392 reliciq,
653 3325 734 3374 mox
751 3299 863 3374 disius
884 3297 1111 3385 Procurator,
1138 3295 1292 3372 Ptaelatis
1306 3301 1342 3374 dt
1360 3325 1424 3374 no·

231 3397 364 3471 bilibus
380 3395 553 3491 plerisque
571 3399 841 3476 comitantibus,
875 3397 920 3465 ad
942 3397 1124 3487 publicum
1141 3394 1236 3464 urbis
1255 3391 1426 3470 Palatium

233 3490 269 3564 se
288 3494 457 3574 contulit,
487 3509 594 3582 atque
612 3491 693 3561 inde
719 3494 760 3562 ad
780 3491 923 3560 domum
945 3489 1118 3582 privatam
1139 3485 1314 3578 cujusdam
1332 3491 1423 3562 civis

236 3587 318 3662 satis
337 3581 525 3680 magnifice
543 3581 738 3656 instructam
755 3585 919 3668 divertit,
944 3579 1145 3676 pulsataque
1168 3602 1353 3674 campana,
1379 3581 1444 3656 td·

91 3686 92 3689 ’
237 3683 340 3778 cujus
361 3681 508 3771 sonitum
525 3681 678 3774 populus
697 3681 732 3750 in
753 3701 860 3752 unum
885 3678 1072 3752 convenire
1098 3673 1207 3759 solet,
1231 3673 1424 3752 Nobilibus

91 3750 92 3835 s
234 3777 379 3875 diisque
423 3776 524 3850 disiae
558 3773 721 3850 Civitatis
754 3774 935 3851 ordinibus
970 3776 1008 3846 in
1051 3771 1237 3868 conspectu
1273 3771 1425 3939 eiusgffl

241 3922 245 3930 ·
1373 3890 1431 3943 ro-

280 3999 294 4084 (
301 3993 342 4077 8)
364 3994 406 4059 Et
426 4014 493 4059 eunt
513 4010 580 4059 tura
595 4000 797 4080 procuratori:
838 3991 1015 4064 Consonat
1031 3993 1195 4080 Lappius.
1237 3990 1306 4057 Hic
1326 4005 1425 4060 certe

91 4136 93 4145 ,
234 4077 488 4246 ἕνίὶπιειῖοόυηι,
510 4077 746 4162 &legendum
766 4093 872 4166 prout
891 4081 983 4167 apud
1001 4079 1051 4174 [V.
1072 4079 1115 4147 de
1134 4076 1193 4148 w;
1213 4073 1251 4146 si
1271 4074 1337 4146 crim
1355 4092 1426 4144 tunc

91 4206 92 4221 t
275 4181 364 4224 onitu
397 4183 425 4227 r.
629 4198 635 4208 ‹
809 4200 814 4208 ·
1232 4193 1255 4206 ··

293 4241 377 4320 Turn.
405 4247 479 4320 sss.
506 4244 590 4320 Pars
618 4265 651 4317 1.
951 4243 989 4321 Ο
